@article{rush2015neural,
	title={A neural attention model for abstractive sentence summarization},
	author={Rush, Alexander M and Chopra, Sumit and Weston, Jason},
	journal={arXiv preprint arXiv:1509.00685},
	year={2015}
}

@inproceedings{lin2012learning,
	title={Learning mixtures of submodular shells with application to document summarization},
	author={Lin, Hui and Bilmes, Jeff},
	booktitle={Proceedings of the Twenty-Eighth Conference on Uncertainty in Artificial Intelligence},
	pages={479--490},
	year={2012},
	organization={AUAI Press}
}

@article{cheng2016neural,
	title={Neural summarization by extracting sentences and words},
	author={Cheng, Jianpeng and Lapata, Mirella},
	journal={arXiv preprint arXiv:1603.07252},
	year={2016}
}

@inproceedings{gillick2009scalable,
	title={A scalable global model for summarization},
	author={Gillick, Dan and Favre, Benoit},
	booktitle={Proceedings of the Workshop on Integer Linear Programming for Natural Langauge Processing},
	pages={10--18},
	year={2009},
	organization={Association for Computational Linguistics}
}


@inproceedings{filippova2015sentence,
	title={Sentence compression by deletion with lstms},
	author={Filippova, Katja and Alfonseca, Enrique and Colmenares, Carlos A and Kaiser, Lukasz and Vinyals, Oriol},
	booktitle={Proceedings of the 2015 Conference on Empirical Methods in Natural Language Processing},
	pages={360--368},
	year={2015}
}

@inproceedings{abu2011coherent,
	title={Coherent citation-based summarization of scientific papers},
	author={Abu-Jbara, Amjad and Radev, Dragomir},
	booktitle={Proceedings of the 49th Annual Meeting of the Association for Computational Linguistics: Human Language Technologies-Volume 1},
	pages={500--509},
	year={2011},
	organization={Association for Computational Linguistics}
}
@article{qazvinian2013generating,
	title={Generating extractive summaries of scientific paradigms},
	author={Qazvinian, Vahed and Radev, Dragomir R and Mohammad, Saif M and Dorr, Bonnie and Zajic, David and Whidby, Michael and Moon, Taesun},
	journal={Journal of Artificial Intelligence Research},
	volume={46},
	pages={165--201},
	year={2013}
}
@article{teufel2002summarizing,
	title={Summarizing scientific articles: experiments with relevance and rhetorical status},
	author={Teufel, Simone and Moens, Marc},
	journal={Computational linguistics},
	volume={28},
	number={4},
	pages={409--445},
	year={2002},
	publisher={MIT Press}
}
@inproceedings{fiszman2004abstraction,
	title={Abstraction summarization for managing the biomedical research literature},
	author={Fiszman, Marcelo and Rindflesch, Thomas C and Kilicoglu, Halil},
	booktitle={Proceedings of the HLT-NAACL workshop on computational lexical semantics},
	pages={76--83},
	year={2004},
	organization={Association for Computational Linguistics}
}


@article{mikolov2013efficient,
	title={Efficient estimation of word representations in vector space},
	author={Mikolov, Tomas and Chen, Kai and Corrado, Greg and Dean, Jeffrey},
	journal={arXiv preprint arXiv:1301.3781},
	year={2013}
}
@article{lin2004rouge,
	title={Rouge: A package for automatic evaluation of summaries},
	author={Lin, Chin-Yew},
	journal={Text Summarization Branches Out},
	year={2004}
}

@inproceedings{hong2014repository,
	title={A Repository of State of the Art and Competitive Baseline Summaries for Generic News Summarization.},
	author={Hong, Kai and Conroy, John M and Favre, Benoit and Kulesza, Alex and Lin, Hui and Nenkova, Ani}
}

@article{erkan2004lexrank,
  title={Lexrank: Graph-based lexical centrality as salience in text summarization},
  author={Erkan, G{\"u}nes and Radev, Dragomir R},
  journal={Journal of Artificial Intelligence Research},
  volume={22},
  pages={457--479},
  year={2004}
}

@inproceedings{mihalcea2004textrank,
	author    = {Mihalcea, Rada  and  Tarau, Paul},
	title     = {TextRank: Bringing Order into Texts},
	booktitle = {Proceedings of Emperical Methods in Natural Language Processing},
	year      = {2004},
	month     = {July},
	address   = {Barcelona, Spain},
	publisher = {Association for Computational Linguistics},
	pages     = {404--411}
}

@inproceedings{kupiec1995trainable,
	title={A trainable document summarizer},
	author={Kupiec, Julian and Pedersen, Jan and Chen, Francine},
	booktitle={Proceedings of the 18th annual international ACM SIGIR conference on Research and development in information retrieval},
	pages={68--73},
	year={1995},
	organization={ACM}
}

@inproceedings{hirohata2008identifying,
	title={Identifying sections in scientific abstracts using conditional random fields},
	author={Hirohata, Kenji and Okazaki, Naoaki and Ananiadou, Sophia and Ishizuka, Mitsuru},
	booktitle={Proceedings of the Third International Joint Conference on Natural Language Processing: Volume-I},
	year={2008}
}
@article{elkiss2008blind,
	title={Blind men and elephants: What do citation summaries tell us about a research article?},
	author={Elkiss, Aaron and Shen, Siwei and Fader, Anthony and Erkan, G{\"u}ne{\c{s}} and States, David and Radev, Dragomir},
	journal={Journal of the Association for Information Science and Technology},
	volume={59},
	number={1},
	pages={51--62},
	year={2008},
	publisher={Wiley Online Library}
}
@article{mei2008generating,
	title={Generating impact-based summaries for scientific literature},
	author={Mei, Qiaozhu and Zhai, ChengXiang},
	journal={Proceedings of ACL-08: HLT},
	pages={816--824},
	year={2008}
}

@inproceedings{lin2000automated,
	title={The automated acquisition of topic signatures for text summarization},
	author={Lin, Chin-Yew and Hovy, Eduard},
	booktitle={Proceedings of the 18th conference on Computational linguistics-Volume 1},
	pages={495--501},
	year={2000},
	organization={Association for Computational Linguistics}
}

@inproceedings{steinberger2004using,
	title={Using latent semantic analysis in text summarization and summary evaluation},
	author={Steinberger, Josef},
	booktitle={Proceedings of ISIMâ€™04},
	pages={93--100},
	year={2004}
}